<record><leader>00000cas a22000007a 4500</leader><controlfield tag="001">37137605</controlfield><controlfield tag="008">970617d191419uucauwr ne      0    0eng d</controlfield><datafield ind1=" " ind2=" " tag="010"><subfield code="a">sn 97060562 </subfield></datafield><datafield ind1=" " ind2=" " tag="040"><subfield code="a">CNK</subfield><subfield code="b">eng</subfield><subfield code="c">CNK</subfield><subfield code="d">OCLCQ</subfield><subfield code="d">OCLCF</subfield><subfield code="d">OCLCO</subfield></datafield><datafield ind1="1" ind2=" " tag="029"><subfield code="a">AU@</subfield><subfield code="b">000013335374</subfield></datafield><datafield ind1=" " ind2=" " tag="042"><subfield code="a">msc</subfield></datafield><datafield ind1=" " ind2=" " tag="043"><subfield code="a">n-us-ca</subfield></datafield><datafield ind1="0" ind2=" " tag="130"><subfield code="a">Peninsula news (San Bruno, Calif.)</subfield></datafield><datafield ind1="1" ind2="0" tag="245"><subfield code="a">Peninsula news.</subfield></datafield><datafield ind1=" " ind2=" " tag="260"><subfield code="a">San Bruno, San Mateo County, Calif. :</subfield><subfield code="b">Glen Byers</subfield></datafield><datafield ind1=" " ind2=" " tag="300"><subfield code="a">v.</subfield></datafield><datafield ind1=" " ind2=" " tag="310"><subfield code="a">Weekly</subfield></datafield><datafield ind1="1" ind2=" " tag="362"><subfield code="a">Began in 1914.</subfield></datafield><datafield ind1=" " ind2=" " tag="588"><subfield code="a">Description based on: Vol. 1, no. 16 (Dec. 19, 1914).</subfield></datafield><datafield ind1=" " ind2="0" tag="651"><subfield code="a">San Bruno (Calif.)</subfield><subfield code="v">Newspapers.</subfield></datafield><datafield ind1=" " ind2="0" tag="651"><subfield code="a">Millbrae (Calif.)</subfield><subfield code="v">Newspapers.</subfield></datafield><datafield ind1=" " ind2="7" tag="655"><subfield code="a">Newspapers.</subfield><subfield code="2">fast</subfield><subfield code="0">(OCoLC)fst01423814</subfield></datafield><datafield ind1=" " ind2="7" tag="651"><subfield code="a">California</subfield><subfield code="z">Millbrae.</subfield><subfield code="2">fast</subfield><subfield code="0">(OCoLC)fst01214292</subfield></datafield><datafield ind1=" " ind2="7" tag="651"><subfield code="a">California</subfield><subfield code="z">San Bruno.</subfield><subfield code="2">fast</subfield><subfield code="0">(OCoLC)fst01205160</subfield></datafield><datafield ind1=" " ind2=" " tag="752"><subfield code="a">United States</subfield><subfield code="b">California</subfield><subfield code="c">San Mateo</subfield><subfield code="d">San Bruno.</subfield></datafield><datafield ind1="0" ind2="7" tag="785"><subfield code="t">San Bruno herald (San Bruno, Calif. : 1920)</subfield><subfield code="w">(DLC)sn 97069211</subfield></datafield><datafield ind1="0" ind2="7" tag="785"><subfield code="t">San Bruno herald and Peninsula news</subfield><subfield code="w">(DLC)sn 92068956</subfield></datafield></record>